@article{einstein,
    author        = {Albert Einstein},
    title         = {Zur Elektrodynamik bewegter K{\"o}rper. (German) [On the electrodynamics of moving bodies]},
    journaltitle  = {Annalen der Physik},
    year          = {1905},
    volume        = {322},
    number        = {10},
    pages         = {891-921},
    doi           = {http://dx.doi.org/10.1002/andp.19053221004}
}

@online{knuthwebsite,
    author        = {Donald Knuth},
    title         = {Knuth: Computers and Typesetting},
    year          = {1984},
    url           = {http://www-cs-faculty.stanford.edu/~uno/abcde.html}
}

@book{latexcompanion,
    author        = {Michel Goossens and Frank Mittelbach and Alexander Samarin},
    title         = {The \LaTeX\ Companion},
    year          = {1993},
    publisher     = {Addison-Wesley},
    location      = {Reading, Massachusetts}
}

@book{teleop_humanoid,
    author        = {นส.สุณัฏฐา จริยาวัฒนากุล},
    title         = {การควบคุมหุ่นยนต์เซมิฮิวมานอยด์ระยะไกล},
    year          = {2556},
    publisher     = {doi.nrct.go.th},
    location      = {สถาบันวิทยาการหุ่นยนต์ภาคสนาม}
}

@book{walkgen_from_imageprocessing,
    author        = {ยศวีย์ แก้วมณี},
    title         = {การสร้างรูปแบบการเดินส่วนขาของหุ่นยนต์คล้ายมนุษย์โดยเลียนแบบจากภาพท่าทางของมนุษย์},
    year          = {2552},
    publisher     = {http://kb.psu.ac.th/psukb/bitstream/2010/5569/1/307650.pdf},
    location      = {มหาวิทยาลัยสงขลานครินทร์}
}

@book{humanoid_design_and_walking,
    author        = {นายปรีดา เลิศพงศ์วิภูษณะ},
    title         = {การออกแบบและสร้างหุ่นยนต์สองขาและการสังเคราะห์โปรแกรมการเดิน},
    year          = {2546},
    publisher     = {http://ezproxy.car.chula.ac.th:2074/bitstream/123456789/6246/1/Preeda.pdf},
    location      = {จุฬาลงกรณ์มหาวิทยาลัย}
}

@book{humanoid_genetic,
    author        = {นายชาญชัย ชัยสุขโกศล},
    title         = {การสังเคราะห์โปรแกรมควบคุมหุ่นยนต์เดินสองขา แบบสมดุลสถิตโดยอัตโนมัติ ด้วยการคำนวณเชิงวิวัฒน์},
    year          = {2544},
    publisher     = {http://ezproxy.car.chula.ac.th:2074/bitstream/123456789/11758/1/chanchai.pdf},
    location      = {จุฬาลงกรณ์มหาวิทยาลัย}
}