@article{einstein,
    author        = {Albert Einstein},
    title         = {Zur Elektrodynamik bewegter K{\"o}rper. (German) [On the electrodynamics of moving bodies]},
    journaltitle  = {Annalen der Physik},
    year          = {1905},
    volume        = {322},
    number        = {10},
    pages         = {891-921},
    doi           = {\url{http://dx.doi.org/10.1002/andp.19053221004}}
}

@book{latexcompanion,
    author        = {Michel Goossens and Frank Mittelbach and Alexander Samarin},
    title         = {The \LaTeX\ Companion},
    year          = {1993},
    publisher     = {Addison-Wesley},
    location      = {Reading, Massachusetts}
}

@book{teleop_humanoid,
    author        = {นส.สุณัฏฐา จริยาวัฒนากุล},
    title         = {การควบคุมหุ่นยนต์เซมิฮิวมานอยด์ระยะไกล},
    year          = {2556},
    publisher     = {doi.nrct.go.th},
    location      = {สถาบันวิทยาการหุ่นยนต์ภาคสนาม}
}

@book{walkgen_from_imageprocessing,
    author        = {ยศวีย์ แก้วมณี},
    title         = {การสร้างรูปแบบการเดินส่วนขาของหุ่นยนต์คล้ายมนุษย์โดยเลียนแบบจากภาพท่าทางของมนุษย์},
    year          = {2552},
    publisher     = {\url{http://kb.psu.ac.th/psukb/bitstream/2010/5569/1/307650.pdf}},
    location      = {มหาวิทยาลัยสงขลานครินทร์}
}

@book{humanoid_design_and_walking,
    author        = {นายปรีดา เลิศพงศ์วิภูษณะ},
    title         = {การออกแบบและสร้างหุ่นยนต์สองขาและการสังเคราะห์โปรแกรมการเดิน},
    year          = {2546},
    publisher     = {\url{http://ezproxy.car.chula.ac.th:2074/bitstream/123456789/6246/1/Preeda.pdf}},
    location      = {จุฬาลงกรณ์มหาวิทยาลัย}
}

@book{humanoid_genetic,
    author        = {นายชาญชัย ชัยสุขโกศล},
    title         = {การสังเคราะห์โปรแกรมควบคุมหุ่นยนต์เดินสองขา แบบสมดุลสถิตโดยอัตโนมัติ ด้วยการคำนวณเชิงวิวัฒน์},
    year          = {2544},
    publisher     = {\url{http://ezproxy.car.chula.ac.th:2074/bitstream/123456789/11758/1/chanchai.pdf}},
    location      = {จุฬาลงกรณ์มหาวิทยาลัย}
}

@online{DAR15,
	label = {DAR15},
	year = {2015},
	url = {www.darpa.mil},
	month = {June},
	author = {None},
	title = {DARPA web site},
}

@online{Ant16,
	label = {Ant16},
	year = {2016},
	url = {https://www.poppy-project.org/},
	month = {9},
	author = { Antoine Petit Chairman and CEO of Inria},
	organization = {Inria},
	date = {25},
	title = {Poppy-Project},
}

@article{Sew95,
	label = {Sew95},
	year = {1995},
	journaltitle = {Robotica},
	author = { Seward D.W. A. Bradshaw F. Margrave},
	pages = {437-443},
	title = {The anatomy of a humanoid robot},
}

@online{Ant161,
	label = {Ant161},
	year = {2016},
	url = {https://www.poppy-project.org},
	month = {9},
	author = { Antoine Petit Chairman},
	organization = {Inria},
	title = {Poppy-Project},
}

@online{the17,
	label = {the17},
	year = {2017},
	url = {http://www.icub.org/},
	month = {9},
	author = { Consortium the RobotCub},
	organization = {the RobotCub Consortium},
	title = {iCub.org - an opensource cognitive humanoid robotic platform},
}

@article{Hay15,
	label = {Hay15},
	year = {2015},
	title = {CIT Brains (Kid Size League)},
	author = { Hayashibara Yasuo},
}

@article{NgB10,
	label = {NgB10},
	year = {2010},
	title = {Robo-Erectus Tr-2010 TeenSize Team Description Paper.},
	author = { Ng Buck Sin},
}

@online{Hum70,
	label = {Hum70},
	year = {1970},
	url = {http://www.humanoid.waseda.ac.jp/booklet/kato\_2.html},
	month = {9},
	organization = {Waseda University},
	title = {Humanoid History - WABOT-},
}

@online{Dis,
	label = {Dis},
	organization = {SoftBank Robotics},
	url = {https://www.ald.softbankrobotics.com/en/robots/nao},
	title = {Discover Nao},
}

@online{DAR10,
	label = {DAR10},
	year = {2010},
	url = {http://support.robotis.com/en/product/darwin-op.htm},
	month = {9},
	organization = {ROBOTIS},
	title = {DARwIn-OP},
}
